%not saved
@misc{Bry2005,
author = {Ford, Bryan},
title = {Peer-to-Peer Communication Across Network Address Translators},
month = jun,
year = {2005},
url = {http://brynosaurus.com/pub/net/p2pnat/},
urldate={2015-02-14},
}

%not saved
@misc{ECMAScript,
  author = {{Ecma International}},
  edition = {5.1},
  keywords = {ECMA JavaScript Specification Standard},
  month = jun,
  timestamp = {2012-10-14T23:50:22.000+0200},
  title = {Standard ECMA-262 - ECMAScript Language Specification},
  url = {http://www.ecma-international.org/publications/standards/Ecma-262.htm},
  year = 2011,
  urldate = {2015-02-20},
  shorthand = {ECMAScript},
}

%not saved
@techreport{ietf-rtcweb-overview,
  author = {Harald Alvestrand},
  title = {Overview: Real Time Protocols for Browser-based Applications},
  howpublished = {Working Draft},
  type = {Internet-Draft},
  number = {draft-ietf-rtcweb-overview-13},
  year = {2014},
  month = nov,
  institution = {IETF Secretariat},
  url = {http://www.ietf.org/internet-drafts/draft-ietf-rtcweb-overview-13.txt},
  urldate = {2015-02-20},
}

@techreport{ietf-rtcweb-audio,
  author = {Jean-Marc Valin and Cary Bran},
  title = {WebRTC Audio Codec and Processing Requirements},
  howpublished = {Working Draft},
  type = {Internet-Draft},
  number = {draft-ietf-rtcweb-audio-07},
  year = {2014},
  month = {October},
  institution = {IETF Secretariat},
  url = {http://www.ietf.org/internet-drafts/draft-ietf-rtcweb-audio-07.txt},
  urldate = {2015-02-20}
}

@techreport{ietf-rtcweb-video,
  author = {Adam Roach},
  title = {WebRTC Video Processing and Codec Requirements},
  howpublished = {Working Draft},
  type = {Internet-Draft},
  number = {draft-ietf-rtcweb-video-04},
  year = {2015},
  month = {February},
  institution = {IETF Secretariat},
  url = {http://www.ietf.org/internet-drafts/draft-ietf-rtcweb-video-04.txt},
  urldate = {2015-02-20},
}

@techreport{ietf-rtcweb-data-channel,
  author = {Randell Jesup and Salvatore Loreto and Michael Tuexen},
  title = {WebRTC Data Channels},
  howpublished = {Working Draft},
  type = {Internet-Draft},
  number = {draft-ietf-rtcweb-data-channel-13},
  year = {2015},
  month = {January},
  institution = {IETF Secretariat},
  url = {http://www.ietf.org/internet-drafts/draft-ietf-rtcweb-data-channel-13.txt},
  urldate = {2014-02-21},
}

@techreport{ietf-rtcweb-jsep,
  author = {Justin Uberti and Cullen Jennings and Eric Rescorla},
  title = {Javascript Session Establishment Protocol},
  howpublished = {Working Draft},
  type = {Internet-Draft},
  number = {draft-ietf-rtcweb-jsep-08},
  year = {2014},
  month = {October},
  institution = {IETF Secretariat},
  url = {http://www.ietf.org/internet-drafts/draft-ietf-rtcweb-jsep-08.txt},
  urldate = {2014-02-21},
}

%not saved
@techreport{ietf-multipoint-arch,
  author = {Magnus Westerlund and Stephan Wenger},
  title = {RTP Topologies},
  howpublished = {Working Draft},
  type = {Internet-Draft},
  number = {draft-ietf-avtcore-rtp-topologies-update-05},
  year = {2014},
  month = {November},
  institution = {IETF Secretariat},
  note = {\url{http://www.ietf.org/internet-drafts/draft-ietf-avtcore-rtp-topologies-update-05.txt}},
  urldate = {2015-02-20},
}

@misc{mobile-os-idc,
	author = "IDC",
	title = {Smartphone OS Market Share},
	year = {2014},
	url = {http://www.idc.com/prodserv/smartphone-os-market-share.jsp},
	urldate = {2015-02-20},
}

%not saved
@techreport{g.x,
    institution = {International Telecommunication Union},
    keywords = {model, network, standard},
    month = mar,
    series = {ITU-T Series G: Transmission Systems and Media, Digital Systems and Networks},
    title = {Transmission systems and media, digital systems and networks},
    url = {http://www.itu.int/rec/T-REC-g},
    urldate = {2015-02-20},
}


%not saved
@misc{webrtcready,
	author = "\&yet",
	title = {{Is WebRTC ready yet}},
	url = {http://iswebrtcreadyyet.com/},
	urldate = {2015-02-20},
}

@misc{open-h264,
	author = "Cisco",
	title = "OpenH264 Frequently asked questions",
	url = {http://www.openh264.org/faq.html},
	urldate = {2015-02-20},
}

@misc{free-stun-servers,
	author = "{Luigi Byun (zziuni@gmail.com)}",
	title = {{STUN server list}},
	url = {https://gist.github.com/zziuni/3741933},
	urldate = {2015-02-20},
}

@misc{kurento,
	author = "{Kurento Technologies}",
	title = {{Kurento Open Source Software WebRTC media server}},
	url = {http://www.kurento.org/whats-kurento},
	urldate = {2015-02-20},
}


@TechReport{mediacapture-streams,
  author = "Daniel C. Burnett and Adam Bergkvist and Cullen Jennings and Anant Narayanan",
  title = "Media Capture and Streams",
  month = feb,
  year = "2015",
  type = "W3C Working Draft",
  institution = "W3C",
  url = {http://www.w3.org/TR/2015/WD-mediacapture-streams-20150212/},
  urldate = {2015-02-20},
}


@TechReport{webrtc-1.0,
  author = "Daniel C. Burnett and Adam Bergkvist and Cullen Jennings and Anant Narayanan",
  title = "WebRTC 1.0: Real-time Communication Between Browsers",
  month = feb,
  year = "2015",
  type = "W3C Working Draft",
  institution = "W3C",
  url = {http://www.w3.org/TR/2015/WD-webrtc-20150210/},
  urldate = {2015-02-21},
}

@misc{ie-webrtc,
	author = "{S. Sun, microsoft}",
	title = "Bringing Interoperable Real-Time Communications to the Web",
	year = "2014",
	month = oct,
	url = {http://blogs.msdn.com/b/ie/archive/2014/10/27/bringing-interoperable-real-time-communications-to-the-web.aspx},
	urldate = {2015-02-21},
}


@misc{ortc,
	author = {{W3C ORTC Community Group}},
	title = "{ORTC (Object RTC) | Object API for RTC - Mobile, Server, Web}",
	year = "2014",
	month = oct,
	url = {http://ortc.org/},
	urldate = {2015-02-21},
}

@TechReport{ortc-api,
	author = "Robin Raymond and Bernard Aboaba and Justin Uberti",
	title = {{Object RTC (ORTC) API for WebRTC}},
	month = jan,
	year = "2015",
	type = "W3C Community Draft",
	institution = {W3C ORTC Community Group},
	url = {http://ortc.org/wp-content/uploads/2015/01/ortc.html},
	urldate = {2015-02-21}
}

@misc{mkv-container,
  author = {{Matroska (non-profit org}},
  title = "What is matroska?",
  year = "2013",
  url = {http://www.matroska.org/technical/whatis/index.html},
  urldate = {2015-02-21},
}

@misc{risc-example,
	author = {HP},
	title = {{HP Servers running HP-UX 11i}},
	year = "2013",
	url = {http://h18000.www1.hp.com/products/servers/byos/hpuxservers.html},
	urldate = {2015-02-22},
}

@misc{es6-promises,
  author = {J. Orendorff, Mozilla},
  title = {ECMAScript Language Specification ECMA-262 6th Edition - DRAFT} 
  url = {http://people.mozilla.org/~jorendorff/es6-draft.html#sec-constructor-properties-of-the-global-object-promise},
  urldate = {2015-02-22},
}

@misc{q-library,
  author = "Kris Kowal",
  title = "Q - A tool for creating and composing asynchronous promises in JavaScript"
  url = {https://github.com/kriskowal/q},
	urldate = {2015-02-22},
}

@misc{newt,
	author = "Marco Pol",
  title = "Network Emulator Toolkit"
  url = {https://blog.mrpol.nl/2010/01/14/network-emulator-toolkit/},
	urldate = {2015-02-22},
}

@misc{wiki-3g,
	author = "Wikipedia",
  title = "3G",
  url = {http://en.wikipedia.org/wiki/3G#Data_rates},
	urldate = {2015-02-22},
}

@misc{wiki-4g,
	author = "Wikipedia",
  title = "4G",
  url = {http://en.wikipedia.org/wiki/4G#LTE_Advanced},
	urldate = {2015-02-22},
}

@misc{kurento-doc,
	author = "Kurento",
  title = "{Kurento 5.1.0 documentation}",
  license = "LGPL",
  url = {http://www.kurento.org/docs/5.1.0/Kurento.pdf},
	urldate = {2015-02-22},
}

@misc{kurento-client-doc,
	author = "Kurento",
  title = "{Kurento JavaScript Client JSDoc}",
  license = "LGPL",
  url = {http://www.kurento.org/docs/current/langdoc/jsdoc/kurento-client-js/index.html},
	urldate = {2015-02-22},
}

